<?xml version="1.0" encoding="UTF-8"?>
<collection
  xmlns:xsi="http://www.w3.org/2001/XMLSchema-instance"
  xsi:schemaLocation="http://www.loc.gov/MARC21/slim http://www.loc.gov/standards/marcxml/schema/MARC21slim.xsd"
  xmlns="http://www.loc.gov/MARC21/slim">

<record>
  <leader>09591ckdaa2200937 a 4500</leader>
  <controlfield tag="001">3462412</controlfield>
  <controlfield tag="005">20100226103441.0</controlfield>
  <controlfield tag="008">890601s1926    xx ||| |||||||   1k|eng d</controlfield>
  <datafield tag="035" ind1=" " ind2=" ">
    <subfield code="a">(OCoLC)77651751</subfield>
  </datafield>
  <datafield tag="035" ind1=" " ind2=" ">
    <subfield code="a">(OCoLC)ocm77651751</subfield>
  </datafield>
  <datafield tag="035" ind1=" " ind2=" ">
    <subfield code="a">(CStRLIN)NYDA89-F665</subfield>
  </datafield>
  <datafield tag="035" ind1=" " ind2=" ">
    <subfield code="9">AAA2883AD</subfield>
  </datafield>
  <datafield tag="035" ind1=" " ind2=" ">
    <subfield code="a">(NNC)3462412</subfield>
  </datafield>
  <datafield tag="040" ind1=" " ind2=" ">
    <subfield code="a">NNC</subfield>
    <subfield code="c">NNC</subfield>
    <subfield code="e">ghic</subfield>
  </datafield>
  <datafield tag="043" ind1=" " ind2=" ">
    <subfield code="a">n-us-ca</subfield>
  </datafield>
  <datafield tag="090" ind1=" " ind2=" ">
    <subfield code="i">08/16/01 X</subfield>
    <subfield code="h">05/16/01 N</subfield>
    <subfield code="h">01/09/92 N</subfield>
  </datafield>
  <datafield tag="100" ind1="1" ind2=" ">
    <subfield code="a">Greene, Henry Mather,</subfield>
    <subfield code="d">1870-1954.</subfield>
  </datafield>
  <datafield tag="240" ind1="1" ind2="0">
    <subfield code="a">Kate A. Kelly house (Hollywood, Los Angeles, Calif.).</subfield>
    <subfield code="p">Alterations and additions</subfield>
  </datafield>
  <datafield tag="245" ind1="1" ind2="0">
    <subfield code="a">Alterations &amp; additions to residence, 2550 Aberdeen Ave., [Hollywood], Los Angeles, Calif. for Mrs. Kate A. Kelly [sic]</subfield>
    <subfield code="h">[graphic] :</subfield>
    <subfield code="b">/</subfield>
    <subfield code="c">Henry M. Greene, Architect.</subfield>
  </datafield>
  <datafield tag="260" ind1=" " ind2=" ">
    <subfield code="c">[1926]</subfield>
  </datafield>
  <datafield tag="300" ind1=" " ind2=" ">
    <subfield code="a">36 sheets :</subfield>
    <subfield code="b">various media ;</subfield>
    <subfield code="c">60 x 116.6 cm. (23 5/8 x 45 7/8 in.) or smaller.</subfield>
  </datafield>
  <datafield tag="500" ind1=" " ind2=" ">
    <subfield code="a">Date from inventory.</subfield>
  </datafield>
  <datafield tag="500" ind1=" " ind2=" ">
    <subfield code="a">Bracketed title elements supplied by cataloger or taken from inventory.</subfield>
  </datafield>
  <datafield tag="500" ind1=" " ind2=" ">
    <subfield code="a">Forms part of the Greene &amp; Greene collection of architectural drawings</subfield>
  </datafield>
  <datafield tag="500" ind1=" " ind2=" ">
    <subfield code="a">Scale varies.</subfield>
  </datafield>
  <datafield tag="500" ind1=" " ind2=" ">
    <subfield code="a">This set consists of 26 pencil drawings on tracing paper, 6 blue prints on paper, 2 pencil drawings on paper, 1 blueprint with pencil markings on paper, and 1 ink drawing with pencil markings on tracing paper.</subfield>
  </datafield>
  <datafield tag="561" ind1=" " ind2=" ">
    <subfield code="a">Gift of Jean Murray Bangs (Mrs. Harwell Hamilton Harris), 1960; formerly the collection of Charles Sumner Greene.</subfield>
  </datafield>
  <datafield tag="650" ind1=" " ind2="7">
    <subfield code="a">Houses.</subfield>
    <subfield code="2">aat</subfield>
  </datafield>
  <datafield tag="650" ind1=" " ind2="7">
    <subfield code="a">Alterations.</subfield>
    <subfield code="2">aat</subfield>
  </datafield>
  <datafield tag="650" ind1=" " ind2="7">
    <subfield code="a">Additions.</subfield>
    <subfield code="2">aat</subfield>
  </datafield>
  <datafield tag="655" ind1=" " ind2="7">
    <subfield code="a">Detail drawings.</subfield>
    <subfield code="2">aat</subfield>
  </datafield>
  <datafield tag="655" ind1=" " ind2="7">
    <subfield code="a">Sketches.</subfield>
    <subfield code="2">aat</subfield>
  </datafield>
  <datafield tag="655" ind1=" " ind2="7">
    <subfield code="a">Architectural drawings</subfield>
    <subfield code="x">American.</subfield>
    <subfield code="2">aat</subfield>
  </datafield>
  <datafield tag="655" ind1=" " ind2="7">
    <subfield code="a">Orthographic drawings</subfield>
    <subfield code="2">aat</subfield>
  </datafield>
  <datafield tag="691" ind1=" " ind2="0">
    <subfield code="a">Los Angeles (Calif.)</subfield>
  </datafield>
  <datafield tag="691" ind1=" " ind2="0">
    <subfield code="a">Hollywood (Los Angeles, Calif.)</subfield>
  </datafield>
  <datafield tag="697" ind1="2" ind2="4">
    <subfield code="a">Kate A. Kelley house (Hollywood, Los Angeles, Calif.)</subfield>
  </datafield>
  <datafield tag="650" ind1=" " ind2="0">
    <subfield code="a">Architecture</subfield>
    <subfield code="z">United States</subfield>
    <subfield code="v">Designs and plans.</subfield>
  </datafield>
  <datafield tag="700" ind1="1" ind2=" ">
    <subfield code="a">Kelly, Kate A.</subfield>
  </datafield>
  <datafield tag="710" ind1="2" ind2=" ">
    <subfield code="a">Greene &amp; Greene.</subfield>
  </datafield>
  <datafield tag="755" ind1=" " ind2=" ">
    <subfield code="a">Pencil drawings.</subfield>
    <subfield code="2">aat</subfield>
  </datafield>
  <datafield tag="755" ind1=" " ind2=" ">
    <subfield code="a">Blueprints.</subfield>
    <subfield code="2">aat</subfield>
  </datafield>
  <datafield tag="755" ind1=" " ind2=" ">
    <subfield code="a">Ink drawings.</subfield>
    <subfield code="2">aat</subfield>
  </datafield>
  <datafield tag="799" ind1="4" ind2="1">
    <subfield code="a">The Greene &amp; Greene collection of architectural drawings.</subfield>
  </datafield>
  <datafield tag="789" ind1="0" ind2=" ">
    <subfield code="1">[1]</subfield>
    <subfield code="i">NYDA.1960.001.02017.</subfield>
    <subfield code="v">[AVERYimage].</subfield>
    <subfield code="t">Bedroom &amp; screen porch changes -- section A-A, section B-B, front [elevation and] section [of] linen closet in hall ; east [and] south elevations [of] bedroom wing ; plan, east [and] part [of] north [elevation of] screen porch ; plan [of bedroom wing ; elevations of] south side [and] east side of bedroom 1 ; [elevation of south side bath 1 (bath 2 similar) :</subfield>
    <subfield code="n">Sheet no. 1.</subfield>
    <subfield code="o">Encapsulated in mylar.</subfield>
  </datafield>
  <datafield tag="789" ind1="0" ind2=" ">
    <subfield code="1">[2]</subfield>
    <subfield code="i">NYDA.1960.001.02018.</subfield>
    <subfield code="v">[AVERYimage].</subfield>
    <subfield code="t">Bedroom &amp; screen porch changes -- section A-A, section B-B, front [elevation and] section [of] linen closet in hall ; east [and] south elevations [of] bedroom wing ; plan, east [and] part [of] north [elevation of] south side [and] east side of bedroom 1 ; [elevation of south side bath 1 (bath 2 similar) :</subfield>
    <subfield code="n">Sheet no. 1.</subfield>
    <subfield code="o">Encapsulated in mylar.</subfield>
  </datafield>
  <datafield tag="789" ind1="0" ind2=" ">
    <subfield code="1">[3]</subfield>
    <subfield code="i">NYDA.1960.001.02019.</subfield>
    <subfield code="v">[AVERYimage].</subfield>
    <subfield code="t">Bedroom &amp; screen porch changes -- section A-A, section B-B, front [elevation and] section [of] linen closet in hall ; east [and] south elevations [of] bedroom wing ; plan, east [and] part [of] north [elevation of] screen porch ; plan [of bedroom wing ; elevations of] south side [and] east side of bedroom 1 ; [elevation of] south side bath 1 (bath 2 similar) :</subfield>
    <subfield code="N">Sheet no. 1.</subfield>
    <subfield code="o">Encapsulated in mylar.</subfield>
  </datafield>
  <datafield tag="789" ind1="0" ind2=" ">
    <subfield code="1">[4]</subfield>
    <subfield code="i">NYDA.1960.001.02020.</subfield>
    <subfield code="v">[AVERYimage].</subfield>
    <subfield code="t">East [and] south [elevations of bedroom wing] east [elevation o f] store room.</subfield>
    <subfield code="o">"Traced".</subfield>
  </datafield>
  <datafield tag="789" ind1="0" ind2=" ">
    <subfield code="1">[5]</subfield>
    <subfield code="i">NYDA.1960.001.02021.</subfield>
    <subfield code="v">[AVERYimage].</subfield>
    <subfield code="t">Plan [of bedroom wing], elevation of linen closet in rear hall.</subfield>
    <subfield code="o">"Traced".</subfield>
    <subfield code="o">"Change in bedrm. 1 &amp; linen closet, [change in bedrm.] 2 &amp; add bath".</subfield>
  </datafield>
  <datafield tag="789" ind1="0" ind2=" ">
    <subfield code="1">[6]</subfield>
    <subfield code="i">NYDA.1960.001.02022.</subfield>
    <subfield code="v">[AVERYimage].</subfield>
    <subfield code="t">[Plan and 2 elevations of bedroom 1 showing furniture] :</subfield>
    <subfield code="n">1.</subfield>
  </datafield>
  <datafield tag="789" ind1="0" ind2=" ">
    <subfield code="1">[7]</subfield>
    <subfield code="i">NYDA.1960.001.02023.</subfield>
    <subfield code="v">[AVERYimage].</subfield>
    <subfield code="t">[Plan of bedroom 1 showing furniture] :</subfield>
    <subfield code="n">1.</subfield>
  </datafield>
  <datafield tag="789" ind1="0" ind2=" ">
    <subfield code="1">[8]</subfield>
    <subfield code="i">NYDA.1960.001.02024.</subfield>
    <subfield code="v">[AVERYimage].</subfield>
    <subfield code="t">[Bedroom 1 with furnishings] -- plan ; north, south [and] east side [elevations] :</subfield>
    <subfield code="n">3.</subfield>
  </datafield>
  <datafield tag="789" ind1="0" ind2=" ">
    <subfield code="1">[9]</subfield>
    <subfield code="i">NYDA.1960.001.02025.</subfield>
    <subfield code="v">[AVERYimage].</subfield>
    <subfield code="t">[Elevation of] east side, bedroom 1.</subfield>
  </datafield>
  <datafield tag="789" ind1="0" ind2=" ">
    <subfield code="1">[10]</subfield>
    <subfield code="i">NYDA.1960.001.02026.</subfield>
    <subfield code="v">[AVERYimage].</subfield>
    <subfield code="t">Trussed beam details -- part side view (shows east end) [with] plan (east) ; cross section ; section showing trussed beam over bedroom 1 :</subfield>
    <subfield code="n">[Sheet no. 2].</subfield>
    <subfield code="o">"Part side view" marked "Changed, see revised detail".</subfield>
    <subfield code="o">Encapsulated in mylar.</subfield>
  </datafield>
  <datafield tag="789" ind1="0" ind2=" ">
    <subfield code="1">[11]</subfield>
    <subfield code="i">NYDA.1960.001.02027.</subfield>
    <subfield code="v">[AVERYimage].</subfield>
    <subfield code="t">Trussed beam details -- part side view (shows east end) [with] plan (east) ; cross section ; showing trussed beam over bedroom 1 :</subfield>
    <subfield code="n">Sheet no. 2.</subfield>
    <subfield code="o">Encapsulated in mylar.</subfield>
  </datafield>
  <datafield tag="789" ind1="0" ind2=" ">
    <subfield code="1">[12]</subfield>
    <subfield code="i">NYDA.1960.001.02028.</subfield>
    <subfield code="v">[AVERYimage].</subfield>
    <subfield code="t">Trussed beam details -- part side view (shows est end) [with] plan (east) ; cross section ; section showing trussed beam over bedroom 1 :</subfield>
    <subfield code="n">Sheet no. 2</subfield>
    <subfield code="o">Encapsulated in mylar.</subfield>
  </datafield>
  <datafield tag="789" ind1="0" ind2=" ">
    <subfield code="1">[13]</subfield>
    <subfield code="i">NYDA.1960.001.02029.</subfield>
    <subfield code="v">[AVERYimage].</subfield>
    <subfield code="t">3/4 inch det[ail]s of trussed beam revised -- part side view (shows east end), section A-A :nSheet no. 2 revised.</subfield>
  </datafield>
  <datafield tag="789" ind1="0" ind2=" ">
    <subfield code="1">[14]</subfield>
    <subfield code="i">NYDA.1960.001.02030.</subfield>
    <subfield code="v">[AVERYimage].</subfield>
    <subfield code="t">Living room changes -- west, south [and] north [elevations of] inside of living room ; [elevations of] outside of north window [and] outside of west windows &amp; French doors ; plan [and elevation of] outside of south doors ; 1 1/2 inch details showing changes in living room windows ; F.S. details of part of iron railing :</subfield>
    <subfield code="n">Sheet no. 3.</subfield>
    <subfield code="o">Encapsulated in mylar.</subfield>
  </datafield>
  <datafield tag="789" ind1="0" ind2=" ">
    <subfield code="1">[15]</subfield>
    <subfield code="i">NYDA.1960.001.02031.</subfield>
    <subfield code="v">[AVERYimage].</subfield>
    <subfield code="t">Living room changes -- west, south [and] north [elevations of] inside of living room ; [elevations of] outside of north window [and] outside of west windows &amp; French doors ; plan [and elevation of] outside of south doors ; 1 1/2 inch details showing changes in living room windows ; F.S. details of part of iron railing :</subfield>
    <subfield code="n">Sheet no. 3.</subfield>
    <subfield code="o">Encapsultated in mylar.</subfield>
  </datafield>
  <datafield tag="789" ind1="0" ind2=" ">
    <subfield code="1">[16]</subfield>
    <subfield code="i">NYDA.1960.001.02032.</subfield>
    <subfield code="v">[AVERYimage].</subfield>
    <subfield code="t">[Elevations of living room] -- east, north, west, south.</subfield>
  </datafield>
  <datafield tag="789" ind1="0" ind2=" ">
    <subfield code="1">[17]</subfield>
    <subfield code="i">NYDA.1960.001.02033.</subfield>
    <subfield code="v">[AVERYimage].</subfield>
    <subfield code="t">[Exterior of living room -- elevation of] outside of north window ; plan [and elevation of] outside of French doors in so[uth] wall.</subfield>
  </datafield>
  <datafield tag="789" ind1="0" ind2=" ">
    <subfield code="1">[18]</subfield>
    <subfield code="i">NYDA.1960.001.02034.</subfield>
    <subfield code="v">[AVERYimage].</subfield>
    <subfield code="t">Plan of living room.</subfield>
  </datafield>
  <datafield tag="789" ind1="0" ind2=" ">
    <subfield code="1">[19]</subfield>
    <subfield code="i">NYDA.1960.001.02035.</subfield>
    <subfield code="v">[AVERYimage].</subfield>
    <subfield code="t">[Elevation of] tile panels beside living room windows.</subfield>
    <subfield code="o">"4 panels".</subfield>
  </datafield>
  <datafield tag="789" ind1="0" ind2=" ">
    <subfield code="1">[20]</subfield>
    <subfield code="i">NYDA.1960.001.02036.</subfield>
    <subfield code="v">[AVERYimage].</subfield>
    <subfield code="t">Truss plates details -- 2 steel end plates ; end [and] side [views], plan [of] 2 steel caps for strut :</subfield>
    <subfield code="n">Sheet no. 4.</subfield>
    <subfield code="o">" 2 steel caps for strut" marked "void".</subfield>
    <subfield code="o">Encapsulated in mylar.</subfield>
  </datafield>
  <datafield tag="789" ind1="0" ind2=" ">
    <subfield code="1">[21]</subfield>
    <subfield code="i">NYDA.1960.001.02037.</subfield>
    <subfield code="v">[AVERYimage].</subfield>
    <subfield code="t">Details of bathroom 2 -- south side, east side, north side, F.S.D. [of] part section of cabinets :</subfield>
    <subfield code="n">Sheet no. 5.</subfield>
    <subfield code="o">Encapsulated in mylar.</subfield>
  </datafield>
  <datafield tag="789" ind1="0" ind2=" ">
    <subfield code="1">[22]</subfield>
    <subfield code="i">NYDA.1960.001.02038.</subfield>
    <subfield code="v">[AVERYimage].</subfield>
    <subfield code="t">Details of bathroom 2 -- south side, east side, north side, F.S.D. [of] part section of cabinets :</subfield>
    <subfield code="n">Sheet no. 5.</subfield>
    <subfield code="o">Encpasulated in mylar.</subfield>
  </datafield>
  <datafield tag="789" ind1="0" ind2=" ">
    <subfield code="1">[23]</subfield>
    <subfield code="i">NYDA.1960.001.02039.</subfield>
    <subfield code="v">[AVERYimage].</subfield>
    <subfield code="t">[Elevations of] south [wall of bathroom, unidentified details sketches]</subfield>
  </datafield>
  <datafield tag="789" ind1="0" ind2=" ">
    <subfield code="1">[24]</subfield>
    <subfield code="i">NYDA.1960.001.02040.</subfield>
    <subfield code="v">[AVERYimage].</subfield>
    <subfield code="t">Details of mirror doors in bedroom 1 -- [elevation of] triple mirror doors in bedr'm 1, F.S. section [show]ing mirrors, half plan, part F.S. section :</subfield>
    <subfield code="n">Sheet no. 6.</subfield>
    <subfield code="o">Encapsulated in mylar.</subfield>
  </datafield>
  <datafield tag="789" ind1="0" ind2=" ">
    <subfield code="1">[25]</subfield>
    <subfield code="i">NYDA.1960.001.02041.</subfield>
    <subfield code="v">[AVERYimage].</subfield>
    <subfield code="t">Linen closet door details -- elevation of doors for linen closets, 3" scale section thro' base part of closet, F.S. section of doors :</subfield>
    <subfield code="n">Sheet no. 7.</subfield>
  </datafield>
  <datafield tag="789" ind1="0" ind2=" ">
    <subfield code="1">[26]</subfield>
    <subfield code="i">NYDA.1960.001.02042.</subfield>
    <subfield code="v">[AVERYimage].</subfield>
    <subfield code="t">Linen closet door details -- elevation of doors for linen closets, 3" scale section thro' base part of closet, F.S. section of doors :</subfield>
    <subfield code="n">Sheet no. 7.</subfield>
  </datafield>
  <datafield tag="789" ind1="0" ind2=" ">
    <subfield code="1">[27]</subfield>
    <subfield code="i">NYDA.1960.001.02043.</subfield>
    <subfield code="v">[AVERYimage].</subfield>
    <subfield code="t">Casings for windows in bedr'ms (except small ornamental windows) -- F.S. detail :</subfield>
    <subfield code="n">Sheet no. 9.</subfield>
    <subfield code="o">Encapsulated in mylar.</subfield>
  </datafield>
  <datafield tag="789" ind1="0" ind2=" ">
    <subfield code="1">[28]</subfield>
    <subfield code="i">NYDA.1960.001.02044.</subfield>
    <subfield code="v">[AVERYimage].</subfield>
    <subfield code="t">Wrought iron railing details -- F.S. detail of braces A, side of braces A, one half side [elevation], end [elevation], F.S. detail [of s]croll C :</subfield>
    <subfield code="n">Sheet no. 11.</subfield>
    <subfield code="o">Encapsulated in mylar.</subfield>
  </datafield>
  <datafield tag="789" ind1="0" ind2=" ">
    <subfield code="1">[29]</subfield>
    <subfield code="i">NYDA.1960.001.02045.</subfield>
    <subfield code="v">[AVERYimage].</subfield>
    <subfield code="t">[Sketches of wrought iron railing details, unidentified sletches]</subfield>
  </datafield>
  <datafield tag="789" ind1="0" ind2=" ">
    <subfield code="1">[30]</subfield>
    <subfield code="i">NYDA.1960.001.02046.</subfield>
    <subfield code="v">[AVERYimage].</subfield>
    <subfield code="t">[Detail sketches of wrought iron work].</subfield>
    <subfield code="o">Drawing done on end paper for roll of drawings.</subfield>
    <subfield code="o">Encapsulated in mylar.</subfield>
  </datafield>
  <datafield tag="789" ind1="0" ind2=" ">
    <subfield code="1">[31]</subfield>
    <subfield code="i">NYDA.1960.001.02047.</subfield>
    <subfield code="v">[AVERYimage].</subfield>
    <subfield code="t">F.S. details of pot straps -- plan, front, side :</subfield>
    <subfield code="n">Sheet no. 14.</subfield>
    <subfield code="o">Encapsulated in mylar.</subfield>
  </datafield>
  <datafield tag="789" ind1="0" ind2=" ">
    <subfield code="1">[32]</subfield>
    <subfield code="i">NYDA.1960.001.02048.</subfield>
    <subfield code="v">[AVERYimage].</subfield>
    <subfield code="t">Details of small windows in bedr'm 1 -- elevation, F.S. details [through lower part with] section thru mould, F.S. detail of head and panel :</subfield>
    <subfield code="n">Sheet no. 2[?].</subfield>
    <subfield code="o">Encapsulated in mylar.</subfield>
  </datafield>
  <datafield tag="789" ind1="0" ind2=" ">
    <subfield code="1">[33]</subfield>
    <subfield code="i">NYDA.1960.001.02049.</subfield>
    <subfield code="v">[AVERYimage].</subfield>
    <subfield code="t">[Elevation of] leaded glass.</subfield>
  </datafield>
  <datafield tag="789" ind1="0" ind2=" ">
    <subfield code="1">[34]</subfield>
    <subfield code="i">NYDA.1960.001.02050.</subfield>
    <subfield code="v">[AVERYimage].</subfield>
    <subfield code="t">Screen porch addition [in plan].</subfield>
    <subfield code="o">"Traced".</subfield>
  </datafield>
  <datafield tag="789" ind1="0" ind2=" ">
    <subfield code="1">[35]</subfield>
    <subfield code="i">NYDA.1960.001.02051.</subfield>
    <subfield code="v">[AVERYimage].</subfield>
    <subfield code="t">[Elevation of sideboard]</subfield>
  </datafield>
  <datafield tag="789" ind1="0" ind2=" ">
    <subfield code="1">[36]</subfield>
    <subfield code="i">NYDA.1960.001.04514.</subfield>
    <subfield code="v">[AVERYimage].</subfield>
    <subfield code="t">[Unidentified detail sketches].</subfield>
    <subfield code="o">Drawing done on end paper for roll of drawings.</subfield>
    <subfield code="o">On verso -- "Set no. 1, officecopy".</subfield>
  </datafield>
  <datafield tag="900" ind1=" " ind2=" ">
    <subfield code="a">AUTH</subfield>
  </datafield>
</record>

</collection>